{
  "leader": "04808cam a2200589 a 4500",
  "fields": [
    {
      "001": "ocm36042034\\"
    },
    {
      "003": "OCoLC"
    },
    {
      "005": "20220301114748.0"
    },
    {
      "008": "961121s1997\\\\\\\\nyua\\\\\\\\\\b\\\\\\\\001\\0beng\\\\"
    },
    {
      "010": {
        "ind1": "\\",
        "ind2": "\\",
        "subfields": [
          {
            "a": "   96051605 "
          }
        ]
      }
    },
    {
      "040": {
        "ind1": "\\",
        "ind2": "\\",
        "subfields": [
          {
            "a": "DLC"
          },
          {
            "b": "eng"
          },
          {
            "c": "DLC"
          },
          {
            "d": "C#P"
          },
          {
            "d": "NLM"
          },
          {
            "d": "BAKER"
          },
          {
            "d": "NLGGC"
          },
          {
            "d": "BTCTA"
          },
          {
            "d": "YDXCP"
          },
          {
            "d": "HLS"
          },
          {
            "d": "UBC"
          },
          {
            "d": "VUE"
          },
          {
            "d": "UKV3G"
          },
          {
            "d": "WRJ"
          },
          {
            "d": "GEBAY"
          },
          {
            "d": "UWC"
          },
          {
            "d": "WSDBL"
          },
          {
            "d": "TAMSA"
          },
          {
            "d": "OCLCF"
          },
          {
            "d": "OCLCO"
          },
          {
            "d": "OCLCQ"
          },
          {
            "d": "OCLCO"
          },
          {
            "d": "OCLCQ"
          },
          {
            "d": "OCLCO"
          },
          {
            "d": "GILDS"
          },
          {
            "d": "OCLCO"
          },
          {
            "d": "OCLCA"
          },
          {
            "d": "JDP"
          },
          {
            "d": "OCLCO"
          },
          {
            "d": "OCLCA"
          },
          {
            "d": "OCL"
          },
          {
            "d": "OCLCA"
          },
          {
            "d": "NYHOF"
          },
          {
            "d": "OCLCQ"
          },
          {
            "d": "OCLCO"
          },
          {
            "d": "OCL"
          },
          {
            "d": "OCLCA"
          },
          {
            "d": "OCLCQ"
          },
          {
            "d": "OCLCO"
          },
          {
            "d": "IL4J6"
          },
          {
            "d": "OCLCO"
          }
        ]
      }
    },
    {
      "016": {
        "ind1": "7",
        "ind2": "\\",
        "subfields": [
          {
            "a": "9715063"
          },
          {
            "2": "DNLM"
          }
        ]
      }
    },
    {
      "019": {
        "ind1": "\\",
        "ind2": "\\",
        "subfields": [
          {
            "a": "60144843"
          },
          {
            "a": "62920144"
          },
          {
            "a": "1024134929"
          },
          {
            "a": "1082176700"
          }
        ]
      }
    },
    {
      "020": {
        "ind1": "\\",
        "ind2": "\\",
        "subfields": [
          {
            "a": "0679449450"
          },
          {
            "q": "(hardcover ;"
          },
          {
            "q": "alk. paper)"
          }
        ]
      }
    },
    {
      "020": {
        "ind1": "\\",
        "ind2": "\\",
        "subfields": [
          {
            "a": "9780679449454"
          },
          {
            "q": "(hardcover ;"
          },
          {
            "q": "alk. paper)"
          }
        ]
      }
    },
    {
      "035": {
        "ind1": "\\",
        "ind2": "\\",
        "subfields": [
          {
            "a": "(OCoLC)36042034"
          },
          {
            "z": "(OCoLC)60144843"
          },
          {
            "z": "(OCoLC)62920144"
          },
          {
            "z": "(OCoLC)1024134929"
          },
          {
            "z": "(OCoLC)1082176700"
          }
        ]
      }
    },
    {
      "043": {
        "ind1": "\\",
        "ind2": "\\",
        "subfields": [
          {
            "a": "e-sz---"
          }
        ]
      }
    },
    {
      "050": {
        "ind1": "0",
        "ind2": "0",
        "subfields": [
          {
            "a": "BF109.J8"
          },
          {
            "b": "N64 1997"
          }
        ]
      }
    },
    {
      "060": {
        "ind1": "0",
        "ind2": "0",
        "subfields": [
          {
            "a": "WZ 100"
          },
          {
            "b": "J95n 1997"
          }
        ]
      }
    },
    {
      "082": {
        "ind1": "0",
        "ind2": "0",
        "subfields": [
          {
            "a": "150.1954092"
          },
          {
            "b": "NOL"
          }
        ]
      }
    },
    {
      "049": {
        "ind1": "\\",
        "ind2": "\\",
        "subfields": [
          {
            "a": "NYRV"
          }
        ]
      }
    },
    {
      "100": {
        "ind1": "1",
        "ind2": "\\",
        "subfields": [
          {
            "a": "Noll, Richard,"
          },
          {
            "d": "1959-"
          }
        ]
      }
    },
    {
      "245": {
        "ind1": "1",
        "ind2": "4",
        "subfields": [
          {
            "a": "The Aryan Christ :"
          },
          {
            "b": "the secret life of Carl Jung /"
          },
          {
            "c": "Richard Noll."
          }
        ]
      }
    },
    {
      "250": {
        "ind1": "\\",
        "ind2": "\\",
        "subfields": [
          {
            "a": "1st ed."
          }
        ]
      }
    },
    {
      "260": {
        "ind1": "\\",
        "ind2": "\\",
        "subfields": [
          {
            "a": "New York :"
          },
          {
            "b": "Random House,"
          },
          {
            "c": "\u00a91997."
          }
        ]
      }
    },
    {
      "300": {
        "ind1": "\\",
        "ind2": "\\",
        "subfields": [
          {
            "a": "xvi, 334 pages :"
          },
          {
            "b": "illustrations ;"
          },
          {
            "c": "25 cm"
          }
        ]
      }
    },
    {
      "336": {
        "ind1": "\\",
        "ind2": "\\",
        "subfields": [
          {
            "a": "text"
          },
          {
            "b": "txt"
          },
          {
            "2": "rdacontent"
          }
        ]
      }
    },
    {
      "337": {
        "ind1": "\\",
        "ind2": "\\",
        "subfields": [
          {
            "a": "unmediated"
          },
          {
            "b": "n"
          },
          {
            "2": "rdamedia"
          }
        ]
      }
    },
    {
      "338": {
        "ind1": "\\",
        "ind2": "\\",
        "subfields": [
          {
            "a": "volume"
          },
          {
            "b": "nc"
          },
          {
            "2": "rdacarrier"
          }
        ]
      }
    },
    {
      "504": {
        "ind1": "\\",
        "ind2": "\\",
        "subfields": [
          {
            "a": "Includes bibliographical references and index."
          }
        ]
      }
    },
    {
      "505": {
        "ind1": "0",
        "ind2": "\\",
        "subfields": [
          {
            "a": "Genesis. The inner Fatherland -- Summoning the spirits -- Hidden memories -- Religion can only be replaced by religion -- Mysteria. Polygamy -- Sun worship -- The mystery of deification -- Zurich 1916: Abraxas and the return of the pagan gods -- Acts of the Apostles. Fanny Bowditch Katz -- \"Analysis IS religion\" -- Edith Rockefeller McCormick -- The Rockefeller psychoanalyst -- The passion of Constance Long -- Revelations. From volkish prophet to wise old man."
          }
        ]
      }
    },
    {
      "520": {
        "ind1": "\\",
        "ind2": "\\",
        "subfields": [
          {
            "a": "The Aryan Christ is the previously untold story of the first sixty years of Jung's life - a story that follows him from his 1875 birth into a family troubled with madness and religious obsessions, through his career as a world-famous psychiatrist and his relationship and break with his mentor Freud, and on to his years as an early supporter of the Third Reich in the 1930's. It contains never-before-published revelations about his life and the lives of his most intimate followers - details that either were deliberately suppressed by Jung's family and disciples or have been newly excavated from archives in Europe and America. Richard Noll traces the influence on Jung's ideas of the occultism, mysticism, and racism of nineteenth-century German culture, demonstrating how Jung's idealization of \"primitive man\" has at its roots the Volkish movement of his own day, which championed a vision of an idyllic pre-Christian, Aryan past. Noll marshals a wealth of evidence to create the first full account of Jung's private and public lives: his advocacy of polygamy as a spiritual path and his affairs with female disciples; his neopaganism and polytheism; his anti-Semitism; and his use of self-induced trance states and the pivotal visionary experience in which he saw himself reborn as a lion-headed god from an ancient cult. The Aryan Christ perfectly captures the charged atmosphere of Jung's era and presents a cast of characters no novelist could dream up, among them Edith Rockefeller McCormick - whose story is fully told here for the first time - the lonely, agoraphobic daughter of John D. Rockefeller, who moved to Zurich to be near Jung and spent millions of dollars to help him launch his religious movement."
          }
        ]
      }
    },
    {
      "600": {
        "ind1": "1",
        "ind2": "0",
        "subfields": [
          {
            "a": "Jung, C. G."
          },
          {
            "q": "(Carl Gustav),"
          },
          {
            "d": "1875-1961."
          }
        ]
      }
    },
    {
      "650": {
        "ind1": "\\",
        "ind2": "0",
        "subfields": [
          {
            "a": "Psychoanalysts"
          },
          {
            "z": "Switzerland"
          },
          {
            "v": "Biography."
          }
        ]
      }
    },
    {
      "650": {
        "ind1": "\\",
        "ind2": "0",
        "subfields": [
          {
            "a": "Psychoanalysis"
          },
          {
            "x": "History."
          }
        ]
      }
    },
    {
      "600": {
        "ind1": "1",
        "ind2": "2",
        "subfields": [
          {
            "a": "Jung, C. G."
          },
          {
            "q": "(Carl Gustav),"
          },
          {
            "d": "1875-1961."
          }
        ]
      }
    },
    {
      "650": {
        "ind1": "1",
        "ind2": "2",
        "subfields": [
          {
            "a": "Psychoanalysis."
          },
          {
            "0": "https://id.nlm.nih.gov/mesh/D011572"
          }
        ]
      }
    },
    {
      "650": {
        "ind1": "2",
        "ind2": "2",
        "subfields": [
          {
            "a": "Religion and Psychology."
          },
          {
            "0": "https://id.nlm.nih.gov/mesh/D012069"
          }
        ]
      }
    },
    {
      "600": {
        "ind1": "1",
        "ind2": "7",
        "subfields": [
          {
            "a": "Jung, C. G."
          },
          {
            "q": "(Carl Gustav),"
          },
          {
            "d": "1875-1961"
          },
          {
            "2": "fast"
          },
          {
            "0": "(OCoLC)fst00029786"
          }
        ]
      }
    },
    {
      "650": {
        "ind1": "\\",
        "ind2": "7",
        "subfields": [
          {
            "a": "Psychoanalysis."
          },
          {
            "2": "fast"
          },
          {
            "0": "(OCoLC)fst01081235"
          }
        ]
      }
    },
    {
      "650": {
        "ind1": "\\",
        "ind2": "7",
        "subfields": [
          {
            "a": "Psychoanalysts."
          },
          {
            "2": "fast"
          },
          {
            "0": "(OCoLC)fst01081287"
          }
        ]
      }
    },
    {
      "651": {
        "ind1": "\\",
        "ind2": "7",
        "subfields": [
          {
            "a": "Switzerland."
          },
          {
            "2": "fast"
          },
          {
            "0": "(OCoLC)fst01205401"
          }
        ]
      }
    },
    {
      "655": {
        "ind1": "\\",
        "ind2": "2",
        "subfields": [
          {
            "a": "Biography."
          },
          {
            "0": "https://id.nlm.nih.gov/mesh/D019215"
          }
        ]
      }
    },
    {
      "655": {
        "ind1": "\\",
        "ind2": "7",
        "subfields": [
          {
            "a": "Biographies."
          },
          {
            "2": "fast"
          },
          {
            "0": "(OCoLC)fst01919896"
          }
        ]
      }
    },
    {
      "655": {
        "ind1": "\\",
        "ind2": "7",
        "subfields": [
          {
            "a": "History."
          },
          {
            "2": "fast"
          },
          {
            "0": "(OCoLC)fst01411628"
          }
        ]
      }
    },
    {
      "655": {
        "ind1": "\\",
        "ind2": "7",
        "subfields": [
          {
            "a": "Biographies."
          },
          {
            "2": "lcgft"
          }
        ]
      }
    },
    {
      "776": {
        "ind1": "0",
        "ind2": "8",
        "subfields": [
          {
            "i": "Online version:"
          },
          {
            "a": "Noll, Richard, 1959-"
          },
          {
            "t": "Aryan Christ."
          },
          {
            "b": "1st ed."
          },
          {
            "d": "New York : Random House, \u00a91997"
          },
          {
            "w": "(OCoLC)605149871"
          }
        ]
      }
    },
    {
      "856": {
        "ind1": "4",
        "ind2": "2",
        "subfields": [
          {
            "3": "Contributor biographical information"
          },
          {
            "u": "http://catdir.loc.gov/catdir/bios/random057/96051605.html"
          }
        ]
      }
    },
    {
      "856": {
        "ind1": "4",
        "ind2": "2",
        "subfields": [
          {
            "3": "Publisher description"
          },
          {
            "u": "http://catdir.loc.gov/catdir/description/random0412/96051605.html"
          }
        ]
      }
    },
    {
      "999": {
        "ind1": "\\",
        "ind2": "\\",
        "subfields": [
          {
            "a": "00000000016553"
          }
        ]
      }
    },
    {
      "999": {
        "ind1": "\\",
        "ind2": "\\",
        "subfields": [
          {
            "a": "00000000016552"
          }
        ]
      }
    },
    {
      "994": {
        "ind1": "\\",
        "ind2": "\\",
        "subfields": [
          {
            "a": "C0"
          },
          {
            "b": "NYRVC"
          }
        ]
      }
    }
  ]
}